=001  000000999
=LDR  01054nam 2200301 i 4500
=008  140501s2014    enka     b    001 0 eng d
=015    $aGBB473837$2bnb
=016 7  $a016793963$2Uk
=020    $a9780198716365$q(hbk.)
=020    $a0198716362$q(hbk.)
=035    $a(OCoLC)896613535
=035    $a(OCoLC)876006119
=035    $a(OCoLC)894025350
=040    $aNLE$beng$erda$cNLE$dYDXCP$dOCLCQ$dPMC$dBTCTA$dBDX$dUKMGB$dERASA$dCDX$dCUD$dOCLCF$dCHVBK$dMUU$dMYG
=050  4 $aJF1525.D4$bP76 2014
=082 04 $a320.6$223
=090    $aJF1525.D4 P76 2014
=245 04 $aThe problem-solving capacity of the modern state :$bgovernance challenges and administrative capacities /$cedited by Martin Lodge and Kai Wegrich.
=250    $aFirst edition.
=264  1 $aOxford :$bOxford University Press,$c2014.
=300    $axviii, 308 pages :$billustrations ;$c24 cm
=336    $atext$btxt$2rdacontent
=337    $aunmediated$bn$2rdamedia
=338    $avolume$bnc$2rdacarrier
=504    $aIncludes bibliographical references and index.
=505 0  $aIntroduction : Governance innovation, administrative capacities, and policy instruments / Martin Lodge and Kai Wegrich -- Delivery capacity / Peter Hupe and Michael Hill -- Coordination capacity / Kai Wegrich and Vid Stimac -- Regulatory capacity / Martin Lodge -- Analytical capacity / Salvador Parrado -- Management capacity and performance in European public administrations / Gerhard Hammerschmid, Vid Stimac, and Kai Wegrich -- Demographic change and welfare state restructuring / Michaela Kreyenfeld and Anika Rasner -- Sustainability : innovations through sector integration and new instruments / Andrea Lenschow -- Governance dilemmas of the contemporary state : the politics of infrastructure policy / Jacint Jordana -- Wicked problems, clumsy solutions, and messy institutions in transnational governance / Marco Verweij -- Capacity and constraint : governance through international and transnational law / Nico Krisch -- Administrative capacities in the EU : consequences of multi-level policy-making / Eva G. Heidbreder -- Collaborative innovation and governance capacity / Eva S�rensen and Jacob Torfing -- Capacity, innovation, and their interaction in multi-stakeholder sustainability initiatives / Kira Matus -- Conclusion : Problem-solving capacity and the modern state / Martin Lodge and Kai Wegrich.
=520    $aMoves toward a cross-sectoral perspective that takes into account the cumulative nature of the contemporary challenge to governance focusing on the key governance areas of infrastructure, sustainability, social welfare, and social integration; second, by considering innovations that have sought to add problem-solving capacity; and third, by exploring the kind of administrative capacities (delivery, regulatory, coordination, and analytical) required to encourage and sustain innovative problem-solving.--Provided by publisher.
=500    $aFormerly CIP.$5Uk
=650  0 $aPublic administration$xDecision making.
=650  0 $aCorporate governance.
=650  0 $aProblem solving.
=700 1  $aLodge, Martin,$d1972-,$eeditor.
=700 1  $aWegrich, Kai,$eeditor.
=852 0  $bDEW$cSTACK$hJF1525.D4 P76 2014$4Dewey Library$5Stacks
=876 -1 $1DEW$2STACK$hJF1525.D4 P76 2014$539080036350376$f01
=019    $a876006119$a894025350
=049    $aMYGG
=997    $aEXCELID=2&Z3950LOCATE=MIT


=001  000001000
