=LDR  01054nam 2200301 i 4500
=008  121207s2013    mdua     b    001 0 eng
=010    $a2012044861
=015    $aGBB340096$2bnb
=020    $a9780810887480 (pbk.) :$cNo price
=020    $a0810887487 (pbk.) :$cNo price
=020    $z9780810887497 (ebook) :$cNo price
=035    $a(Uk)016319123
=035    $a(StEdALDL)1/2993510
=040    $aDLC$beng$erda$cDLC$dYDXCP$dBTCTA$dOCLCO$dBDX$dNSB$dNhCcYBP$dUk
=042    $aukblcatcopy
=043    $an-us---
=049    $aCROBAR
=050 00 $aZ711$b.C88 2013
=082 00 $a025.50973$223
=245 00 $aCustomer service in libraries :$bbest practices /$cedited by Charles Harmon, Michael Messina.
=264  1 $aLanham ;$aPlymouth :$bThe Scarecrow Press, Inc.,$c2013.
=300    $ax, 108 pages :$billustrations ;$c23 cm
=336    $atext$2rdacontent
=337    $aunmediated$2rdamedia
=338    $avolume$2rdacarrier
=504    $aIncludes bibliographical references and index.
=505 0  $aService is personal: the Howard County Library System customer service program / Lewis Belfont -- Technically speaking: technology planning as the backbone of good customer service / Karen C. Knox -- The Darien Library's picture book reorganization: a collection designed with patrons in mind / Kiera Parrott -- STARS: launching a customer service model in Riverside County / Mark Smith -- The collaborative conversation: connecting libraries and readers using Web 2.0 tools / Judi Repman -- Improving customer service by utilizing an existing technology innovatively / Adriana Gonzalez -- Service delivery chains as a strategy for improving library customer service / John Huber -- The buzz on patron service / Shannon Hodgins Halikias -- Make your library fantastic for homeschoolers / Abby Johnson.
=520    $aIn this book, nine librarians from across the country describe their libraries' best practices in this key area. Their contributions range from all encompassing customer service policies and models any library can both adapt and be proud of to micro-approaches that emphasize offering excellent user focused technology planning, picture book arrangement with patrons in mind, Web 2.0 tools to connect users with the library, establishing good service delivery chains, and making your library fantastic for homeschoolers. As past Public Library Association President Audra Caplan writes in her introduction to this book, "There is nothing magical about providing excellent customer service; it just takes the right people, the right philosophy and the passion to make it a reality." If you have got all that, here in this book are the best practices to make stellar customer service a reality for your library's users.
=650  0 $aPublic services (Libraries)$zUnited States.
=650  0 $aCustomer services$zUnited States.
=700 1  $aHarmon, Charles,$d1960-
=700 1  $aMessina, Michael.
=852    $aUkOxU$bBODBL$hWeek 31 (13)
=997    $aEXCELID=3&Z3950LOCATE=OXFORD


=001  000001001
