=LDR  01054nam 2200301 i 4500
=008  130321s2013    nyu     o     001 0 eng d
=010    $z  2013010064
=020    $a0-8144-3319-7
=035    $a(CKB)2670000000368913
=035    $a(EBL)1204654
=035    $a(SSID)ssj0000887875
=035    $a(PQKBManifestationID)11487546
=035    $a(PQKBTitleCode)TC0000887875
=035    $a(PQKBWorkID)10846598
=035    $a(PQKB)10388917
=035    $a(MiAaPQ)EBC1204654
=035    $a(EXLCZ)992670000000368913
=040    $aMiAaPQ$cMiAaPQ$dMiAaPQ
=041    $aeng
=050  4 $aHD58.6$b.T73 2013
=082 00 $a658.4052
=090    $aHD58.6$b.T73 2013
=100 1  $aTracy, Brian.
=245 10 $aNegotiation$h[electronic resource] /$cBrian Tracy.
=260    $aNew York :$bAmerican Management Association,$c2013.
=300    $a1 online resource (112 p.)
=336    $atext$btxt
=337    $acomputer$bc
=338    $aonline resource$bcr
=490 0  $aThe Brian Tracy success library
=505 0  $aCover; NEGOTIATION; Title; Copyright; CONTENTS; Introduction; 1 Everything Is Negotiable; 2 Overcome Your Negotiation Fears; 3 The Types of Negotiating; 4 Lifetime Business Relationships; 5 The Six Styles of Negotiating; 6 The Uses of Power in Negotiating; 7 Power and Perception; 8 The Impact of Emotions on Negotiation; 9 The Element of Time in Decisions; 10 Know What You Want; 11 The Harvard Negotiation Project; 12 Preparation Is the Key; 13 Clarify Your Positions-and Theirs; 14 The Law of Four; 15 The Power of Suggestion in Negotiating; 16 Persuasion by Reciprocation
=505 8  $a17 Persuasion by Social Proof18 Price Negotiating Tactics; 19 The Walk-Away Method; 20 Negotiations Are Never Final; 21 The Successful Negotiator; Index; About the Author
=520    $aSmart negotiation can save you time and money, make you more effective, and contribute substantially to your career. Jam-packed with Brian Tracy's trademark wisdom, this practical and portable book puts the power of negotiation right in your hands.
=546    $aEnglish
=500    $aIncludes index.
=650  0 $aNegotiation in business.
=655  4 $aElectronic books.
=776    $z0-8144-3318-9
=830  4 $aThe Brian Tracy Success Library
=997    $aEXCELID=4&Z3950LOCATE=JULAC


=001  000001002
