=LDR  01054nam 2200301 i 4500
=008  131129t20142014mdua     b    001 0 eng
=010    $a2013040159
=020    $a9780810891036 (pbk. : alk. paper)
=020    $a0810891034 (pbk. : alk. paper)
=035    $a(cuhknz)b55558276-852julac_network
=035    $a(julac-retro)16433242
=040    $aDLC$beng$erda$cDLC$dYDX$dYDXCP$dBTCTA$dBDX$dUKMGB$dEGM$dCOA$dCDX$dCVU
=042    $apcc
=049    $aul
=050 00 $aZ692.A93$bM37 2014
=059    $aNhCcYME
=082 00 $a025.17/7$223
=100 1  $aMariner, Matthew C.,$d1984-$eauthor.
=245 10 $aManaging digital audiovisual resources :$ba practical guide for librarians /$cMatthew C. Mariner.
=264  1 $aLanham, Maryland :$bRowman & Littlefield,$c[2014]
=264  4 $c©2014
=300    $axv, 129 pages ;$c28 cm.
=336    $atext$2rdacontent
=337    $aunmediated$2rdamedia
=338    $avolume$2rdacarrier
=490 1  $aPractical guides for librarians ;$vno. 3
=504    $aIncludes bibliographical references and index.
=650  0 $aLibraries$xSpecial collections$xAudio-visual materials.
=650  0 $aAudio-visual materials$xDigitization.
=830  0 $aPractical guides for librarians ;$vno. 3.
=997    $aEXCELID=6&Z3950LOCATE=JULAC


=001  000001004
