=LDR  01054nam 2200301 i 4500
=008  131209s2014    mdu      b    001 0 eng
=010    $a2013040881
=020    $a9780810892477 (cloth : alk. paper)
=020    $a0810892472 (cloth : alk. paper)
=035    $a(cuhknz)b55320120-852julac_network
=035    $a(julac-retro)16432291
=040    $aDLC$beng$erda$cDLC$dYDXCP$dBTCTA$dBDX$dOCLCO$dUKMGB$dCVU
=042    $apcc
=049    $aul
=050 00 $aZ678.93.C67$bH37 2014
=059    $aNhCcYME
=082 00 $a025.00285$223
=100 1  $aHastings, Robin,$d1973-
=245 10 $aOutsourcing technology :$ba practical guide for librarians /$cRobin Hastings.
=264  1 $aLanham :$bRowman & Littlefield,$c[2014]
=264  4 $c©2014
=300    $axv, 107 pages ;$c28 cm.
=336    $atext$2rdacontent
=337    $aunmediated$2rdamedia
=338    $avolume$2rdacarrier
=490 1  $aPractical guides for librarians ;$vno. 4
=504    $aIncludes bibliographical references and index.
=650  0 $aLibraries$xAutomation$xContracting out.
=830  0 $aPractical guides for librarians ;$vno. 4.
=997    $aEXCELID=7&Z3950LOCATE=JULAC


=001  000001005
