=LDR  01054nam 2200301 i 4500
=008  140919s2014    enka     b    001 0 eng|d
=020    $a9780335264704$qpaperback
=020    $a0335264700$qpaperback
=020    $a9780335264711$qebook
=040    $aUkOxU$beng$erda$cUkOxU
=100 1  $aDenscombe, Martyn,$eauthor.
=245 14 $aThe good research guide :$bfor small-scale social research projects /$cMartyn Denscombe.
=250    $aFifth edition.
=264  1 $aMaidenhead :$bMcGraw Hill Education/Open University Press,$c2014.
=264  4 $c©2014
=300    $axvi, 356 pages :$billustrations ;$c23 cm
=336    $atext$2rdacontent
=337    $aunmediated$2rdamedia
=338    $avolume$2rdacarrier
=490 1  $aOpen UP study skills
=500    $aPrevious edition: 2010.
=504    $aIncludes bibliographical references (pages [339]-348) and index.
=650  0 $aSocial sciences$xResearch.
=650  0 $aSocial sciences$xResearch$xMethodology.
=650  2 $aResearch$xmethods.
=650  2 $aSocial Science$xmethods.
=830  0 $aOpen UP study skills
=852 8  $aUkOxU$bSOMCL$hJCR S66
=852 8  $hS 3 DEN$aUkOxU$bPEMCL
=852 8  $aUkOxU$bSSLBL$hH61.DEN 2014
=852    $aUkOxU$bSSLBL$hH61.DEN 2014
=852 8  $aUkOxU$bANTCL$hH 61.D(2)
=852 8  $aUkOxU$bGTCCL$hH 61 Den
=852 8  $aUkOxU$bSEHCL$hSS/PG DEN:Goo
=852 8  $aUkOxU$bSSLBL$hH61.DEN 2014$m(short loan)
=997    $aEXCELID=8&Z3950LOCATE=OXFORD


=001  000001006
