=LDR  01054nam 2200301 i 4500
=008  140619t20142014vaua    ob    001 0 eng|d
=020    $a9781579228576 (consumer e-edition)
=020    $a1-57922-856-9
=020    $a1-57922-854-2
=035    $a(CKB)3710000000380279
=035    $a(EBL)3037645
=035    $a(SSID)ssj0001534402
=035    $a(PQKBManifestationID)11892901
=035    $a(PQKBTitleCode)TC0001534402
=035    $a(PQKBWorkID)11494051
=035    $a(PQKB)10501537
=035    $a(MiAaPQ)EBC3037645
=035    $a(EXLCZ)993710000000380279
=040    $aMiAaPQ$beng$erda$epn$cMiAaPQ$dMiAaPQ
=041    $aeng
=050  4 $aLC5803.C65$bC85 2014
=082 00 $a371.334
=245 00 $aCulture and online learning :$bglobal perspectives and research /$cedited by Insung Jung and Charlotte Nirmalani Gunawardena.
=264  1 $aSterling, Virginia :$bStylus Publishing, LLC,$c[2014]
=264  4 $c©2014
=300    $a1 online resource (224 pages)
=336    $atext$btxt$2rdacontent
=337    $acomputer$bc$2rdamedia
=338    $aonline resource$bcr$2rdacarrier
=490 0  $aOnline learning and distance education series
=500    $aDescription based upon print version of record.
=546    $aEnglish
=504    $aIncludes bibliographical references and index.
=588    $aDescription based on print version record.
=650  0 $aDistance education$xComputer-assisted instruction$xSocial aspects.
=650  0 $aMulticultural education$xComputer-assisted instruction.
=650  0 $aEducation and globalization.
=655  4 $aElectronic books.
=776 08 $iPrint version:$tCulture and online learning : global perspectives and research.$dSterling, Virginia : Stylus Publishing, LLC, [2014]$kOnline learning and distance education series$z9781579228545
=700 1  $aJung, Insung,$d1959-$eeditor.
=700 1  $aGunawardena, Charlotte Nirmalani,$eeditor.
=830  0 $aOnline learning and distance education.
=997    $aEXCELID=11&Z3950LOCATE=JULAC


